@techreport{mlpsurvey2010,
	author = {Mohammad S Sorower},
	title = {A Literature Survey on Algorithms for Multi-label Learning},
	year = {2010},
	institution = {Oregon State University}
}

